2418 4262
222 319 226 330 ,
319 215 844 338 nomenoio.
902 349 959 364 .,

223 415 636 542 Demonstrationenr
674 452 762 524 non
802 436 1021 529 admittunt
1085 472 1088 483 ’

114 573 395 687 Antiquitates
434 601 475 663 et
507 577 773 690 Migrationes
806 577 1018 696 Gentium.
1072 645 1102 692 ¹.

117 705 237 828 Qtid
253 714 425 819 mirum,
456 715 674 820 domitae,
703 743 834 830 aeque
857 743 903 801 ae
924 716 1018 803 alio·
1070 817 1075 830 „

113 877 235 957 rum,
264 850 574 966 inprobatione
588 845 804 966 aliquando
823 852 1021 963 deficiant,

115 988 222 1076 dum
251 989 303 1076 ad
325 1013 512 1105 tempora
543 991 800 1080 remotissima
823 1015 937 1078 retro
958 1021 1019 1080 ce-
1072 1045 1087 1062 a

117 1104 253 1212 dunt?
312 1125 353 1212 Si
371 1126 530 1214 Odinus
550 1128 620 1220 ΑΓ
607 1155 747 1214 ancus
764 1125 901 1214 secum
915 1153 1019 1214 attu-

94 1263 161 1350 'lit
188 1263 392 1351 historiam
430 1243 739 1380 antiquiffimam
776 1263 1016 1356 Gothorum

112 1429 168 1488 ex
214 1401 339 1514 Afia2
372 1407 451 1490 'vti
489 1403 771 1496 Nobiliffimus
814 1402 1013 1496 Strahien·
1096 1439 1099 1448 ⁴

112 1542 236 1660 berg,
255 1546 259 1554 ’
277 1568 362 1630 non
394 1541 701 1634 contemnendis
733 1539 924 1656 induiius
953 1571 1012 1628 ra·

108 1678 292 1774 tionibus
316 1705 455 1796 urget,
485 1680 587 1798 q‘uid
610 1667 756 1785 obstat,
787 1681 1011 1794 quominui

107 1845 151 1914 et
164 1820 332 1936 Captiui
346 1796 536 1917 lsraeiitae
560 1817 783 1909 secundum
805 1816 1011 1910 historiam

105 1943 493 2062 Macchabaeorum,
523 1983 648 2042 nouas
664 1953 774 2043 sedes
790 1955 1007 2070 migrando

14 2157 17 2168 -
107 2093 368 2219 quaesterint,
407 2094 436 2182 Γ
422 2123 489 2182 ue
504 2093 586 2185 aliis
603 2093 771 2186 admixti
788 2093 1009 2204 Gentibus,
1102 2099 1104 2106 ’

108 2235 194 2325 stuc
218 2229 319 2326 soii?

459 2495 460 2498 ¹
530 2529 532 2534 .
799 2500 830 2534 ιι
864 2527 868 2534 .

186 2551 281 2644 Nec
308 2553 492 2646 validiori
528 2557 700 2646 omnino.
734 2549 1017 2644 fundamento

102 2691 288 2784 innititur
303 2693 454 2782 horum
471 2672 633 2809 opinio,
652 2697 736 2808 qui
760 2720 834 2778 nos
858 2723 881 2778 e
905 2690 1004 2777 serni

102 2827 285 2962 prosapia
316 2835 516 2948 originem
548 2828 703 2959 ἀιιιιὶΓΓι
726 2832 891 2931 volunt:
929 2828 1015 2916 nist
1125 2849 1128 2858 ’

103 2962 212 3054 forte
241 2955 433 3098 vetustior
465 2967 653 3056 sententia
684 2997 736 3056 ex
764 2971 1001 3082 antiquitate
1059 3064 1064 3082 κ

102 3103 182 3218 ipsa
217 3108 413 3206 maiorem
445 3110 633 3195 veritatis
656 3107 829 3223 speciem
853 3105 1001 3209 trahat,

103 3243 219 3358 quod
237 3233 810 3361 quaeprior'temporoetiam
827 3242 1010 3332 aunon
1057 3298 1062 3306 -
1087 3265 1091 3276 ’

27 3366 32 3378 ’
102 3407 178 3468 tate
202 3385 341 3496 potior
361 3381 562 3470 censenda
577 3385 645 3491 fit3
682 3384 839 3501 qualia
829 3410 916 3469 rura
933 3409 998 3469 oc·

103 3524 283 3690 cupantis
307 3517 383 3609 e'iie
408 3518 550 3610 solent.
635 3523 779 3634 Certe,
814 3523 914 3638 qni,
944 3519 997 3606 ad

13 3643 15 3654 ’
267 3695 269 3700 ·
422 3708 426 3718 =
539 3685 642 3776 aa·
832 3653 997 3799 iaeem
