2384 4252
165 192 715 352 'pe-nn
879 251 948 339 etr
1038 265 1050 368 ῑ,

63 419 114 510 t'or
123 435 191 508 line
203 423 363 511 militibus.
398 437 531 530 Ergo&
544 403 648 508 inlroc
661 431 870 529 expeditione
883 455 955 506 mee
1000 467 1002 482 ·
1094 412 1096 420 ‚

64 543 124 610 rito
141 537 350 610 desideramus
364 540 488 631 copias,
506 535 567 608 se'd
580 545 611 608 δι
625 538 680 606 has
692 535 784 605 nobis
801 531 954 626 suppediss

62 661 108 710 tat
122 645 279 712 Veterum
300 637 455 710 Historia:
480 639 634 731 imprimis
648 636 754 715 Diod.
766 639 800 712 L.
814 637 838 704 1.
852 659 880 709 c.
892 661 953 728 42,

65 741 119 834 qui
137 739 208 834 poll
223 741 337 810 duces:
362 740 542 810 Atalantam
556 738 681 807 Shoanei
687 731 788 830 fillum
803 735 955 826 exhibet3
1097 799 1102 804 .

64 864 158 934 quam
171 838 237 912 siue
248 841 397 911 seminam
420 837 485 910 flue
500 839 778 932 Populum⁸putas
792 839 880 908 Gens
900 861 954 918 taff
1051 903 1057 914 ,

65 941 138 1010 dem
152 941 195 1011 est
211 939 394 1038 lsralliticar
419 940 497 1033 quid
512 941 597 1010 enim
611 939 681 1008 alios
696 939 800 1031 Virgo
812 939 896 1008 inter
906 939 955 1010 vi·
1098 981 1105 1006 r
1140 970 1145 979 ¹

63 1066 116 1110 ros
133 1041 215 1126 sola,
241 1043 355 1112 mulier
375 1044 457 1111 inter
478 1063 561 1112 arma
585 1036 713 1121 heilica,
736 1039 852 1112 semina
870 1041 955 1110 inter

63 1141 150 1234 ignee
163 1151 194 1214 ἃ
209 1141 317 1212 enses?
342 1141 396 1211 nisr
421 1142 568 1234 pellicem
587 1140 680 1212 facias
702 1141 839 1231 ducum,
861 1140 955 1233 quod

64 1244 101 1312 ab
131 1243 261 1314 illorum
286 1245 403 1314 virtute
424 1250 456 1314 δι
476 1242 570 1335 ipfius
588 1242 768 1335 virginitate
791 1240 954 1314 abhorret.

64 1344 135 1412 Erat
150 1368 232 1436 ergo
247 1343 296 1412 illa
311 1340 430 1440 israelis
436 1367 529 1440 gaas,
550 1363 586 1412 vt
607 1348 727 1412 nomen
746 1342 829 1411 clare
843 1343 955 1434 aperit.

62 1447 146 1514 Nam
170 1465 207 1514 vt
227 1445 314 1514 Atlas
327 1439 467 1541 lsraelem
487 1462 597 1526 notat,
616 1465 690 1514 eum
704 1465 771 1514 vox
784 1443 872 1512 Atlas
889 1441 955 1512 fiue
1006 1447 1012 1456 '

63 1567 134 1614 cum
149 1543 283 1638 aspirato
299 1546 407 1614 Athlas
416 1547 539 1614 Graece
553 1563 644 1614 notat
656 1544 741 1614 idem
755 1543 848 1636 quod
863 1539 959 1638 lsrall

65 1641 205 1727 Elraa'ca,
238 1643 353 1716 scilicet
372 1645 546 1716 miletam:
577 1645 619 1714 ita
637 1645 785 1714 Atalanta
803 1665 878 1713 cum
901 1667 959 1714 ea·—

66 1742 138 1816 dem
146 1745 354 1836 israelitarum
368 1765 465 1842 gente
476 1744 669 1817 finetortura
679 1745 842 1815 coincidit.
867 1746 956 1828 Hinc

64 1844 204 1916 Sciam·
215 1839 284 1937 filia
298 1847 399 1916 settin
418 1846 449 1914 in
472 1847 587 1936 Scyro:
617 1845 702 1940 quast
721 1845 838 1916 dixeris
857 1844 956 1922 Sionis
981 1901 990 1914 ,
1021 1861 1025 1872 “
1129 1794 1132 1811 ¹

60 1940 123 2036 filia
137 1946 277 2035 insyria.
300 1945 396 2045 Zach.
411 1949 463 2027 IX,
473 1969 506 2034 9.
520 1946 573 2015 vel
587 1967 622 2016 vt
634 1948 698 2016 aliis
711 1948 830 2039 placuit
839 1943 955 2036 hospes
1050 1975 1060 2031 J
1152 2047 1156 2061 ἢ

65 2045 217 2128 Arcadiae
229 2046 369 2126 fertur&
385 2047 517 2140 quidem
531 2047 591 2143 lass
598 2044 665 2138 filia
686 2048 784 2120 Ouid.
794 2051 829 2117 L.
845 2049 872 2116 I.
886 2049 955 2123 Arta
1013 2140 1015 2148 Ι

63 2147 202 2220 Amand.
227 2147 362 2216 Arcadia
375 2149 461 2216 enim
475 2148 771 2218 etArcanCanaeni
781 2147 847 2218 filio
862 2147 955 2240 regio

65 2266 128 2316 erat
138 2250 283 2318 Cananea
297 2247 500 2340 quamlsta'e'li
514 2246 642 2318 tradidit
656 2250 757 2330 Deus,
782 2257 812 2320 δι
827 2265 893 2316 non
907 2250 957 2318 in·
1103 2241 1105 2250 ’

64 2369 209 2442 congrue
223 2348 280 2444 last
289 2348 351 2419 filia
363 2347 559 2441 perhibetur,
571 2370 645 2418 cum
658 2348 818 2442 paulisper
831 2370 873 2420 ex
887 2351 958 2420 baa
1027 2393 1033 2404 ·

64 2446 142 2520 baro
157 2447 285 2518 mollius
300 2451 467 2530 immutato
497 2448 645 2532 nomine,
680 2445 757 2546 lfirci
781 2453 955 2544 progenies

65 2569 131 2618 eret
156 2548 319 2620 israelitica
353 2573 458 2642 gens,
494 2557 525 2620 δι
550 2548 622 2642 post
647 2548 788 2649 lsraelem
815 2553 955 2647 primum

65 2647 204 2741 agnoscit
215 2653 381 2720 Potentem
404 2647 523 2744 lsacum
537 2649 602 2720 sue
619 2653 719 2722 mauis
738 2648 851 2752 lusiam.
980 2643 983 2688 ³

112 2855 239 2920 Verum
264 2851 369 2922 adhuc
389 2849 467 2922 mihi
486 2851 566 2944 quid
586 2853 736 2944 praeclari
757 2856 881 2928 viderie
896 2857 961 2933 dea¹

65 2946 198 3020 siderare
216 2954 248 3020 in
273 2953 334 3022 hac
354 2953 458 3048 dinina
480 2953 696 3047 expeditione.
772 2957 873 3054 Quod
893 2957 960 3030 tale.
1062 2997 1065 3004 ,

66 3048 111 3118 est
122 3074 158 3122 vt
170 3052 257 3125 hunc
269 3054 430 3148 populum
446 3075 512 3123 non
528 3055 631 3130 modo
644 3054 700 3126 suo
721 3057 753 3123 in
766 3059 958 3130 commilitio

65 3147 174 3234 beant,
198 3153 253 3224 sed
267 3161 298 3224 δι
315 3152 477 3248 segregem
491 3177 508 3224 a
522 3157 795 3250 cundievndique
807 3161 955 3254 gentibus
1025 3233 1030 3244 ,
1167 3137 1168 3150 ¹

64 3249 186 3332 fecerit,
239 3251 383 3352 Dioscuri
401 3255 466 3327 saue
484 3251 679 3350 Dioscundes
699 3257 743 3326 illi
762 3257 832 3331 sunt
846 3263 964 3336 Castor..

66 3352 241 3424 &Pollutas
267 3355 324 3448 qni
336 3357 440 3450 qualia
452 3351 692 3428 foereNumina
704 3360 736 3428 in
749 3362 816 3434 hoe
829 3360 970 3458 tempue'

66 3451 197 3528 latuere.
220 3455 321 3527 Diod.
339 3462 376 3529 L.
393 3461 450 3542 IV,
464 3481 526 3548 42.
557 3462 653 3544 Tum,
674 3459 787 3554 inquit,
812 3476 886 3536 narra·
904 3472 957 3536 aie

65 3555 173 3641 daila,
196 3554 372 3668 condique
384 3557 428 3634 aa
441 3555 528 3668 osum
540 3555 955 3668 mcaffnd2mrffe.lador·.

877 3694 952 3746 nala
